@book{Gelman2013,
  title = {Bayesian {{Data Analysis}}, {{Third Edition}}},
  author = {Gelman, A and Carlin, J B and Stern, H S and Dunson, D B and Vehtari, A and Rubin, D B},
  year = {2013},
  publisher = {{Chapman \& Hall/CRC}},
  address = {{Boca Raton, FL, USA.}},
  isbn = {978-1-4398-9820-8},
  keywords = {\#nosource}
}

@article{Landau2021,
  title = {The Targets {{R}} Package: A Dynamic {{Make-like}} Function-Oriented Pipeline Toolkit for Reproducibility and High-Performance Computing},
  shorttitle = {The Targets {{R}} Package},
  author = {Landau, William Michael},
  year = {2021},
  month = jan,
  journal = {Journal of Open Source Software},
  volume = {6},
  number = {57},
  pages = {2959},
  issn = {2475-9066},
  doi = {10.21105/joss.02959},
  abstract = {Landau, W. M., (2021). The targets R package: a dynamic Make-like function-oriented pipeline toolkit for reproducibility and high-performance computing. Journal of Open Source Software, 6(57), 2959, https://doi.org/10.21105/joss.02959},
  langid = {english}
}
